<collection xmlns="http://www.loc.gov/MARC21/slim"><record><leader>00803nam  2200229   450</leader><controlfield tag="001">265</controlfield><controlfield tag="003">http://montalegre.opacnet.com/OPAC/default.aspx?ContentAreaControl=ShowRegHoldings.ascx&amp;RegNo=16662</controlfield><datafield tag="095" ind1=" " ind2=" "><subfield code="a">PTBN00852552</subfield></datafield><datafield tag="100" ind1=" " ind2=" "><subfield code="a">20061013d1954    m  y0pory010305  ba</subfield></datafield><datafield tag="101" ind1="1" ind2=" "><subfield code="a">por</subfield><subfield code="c">eng</subfield></datafield><datafield tag="102" ind1=" " ind2=" "><subfield code="a">PT</subfield></datafield><datafield tag="200" ind1="1" ind2=" "><subfield code="a">David Copperfield</subfield><subfield code="f">Charles Dickens</subfield><subfield code="g">trad. de Mário Domingues</subfield></datafield><datafield tag="210" ind1=" " ind2=" "><subfield code="a">Lisboa</subfield><subfield code="c">Romano Torres</subfield><subfield code="d">1954</subfield></datafield><datafield tag="215" ind1=" " ind2=" "><subfield code="a">629, [2] p.</subfield><subfield code="d">20 cm</subfield></datafield><datafield tag="304" ind1=" " ind2=" "><subfield code="a">Tít. orig.: David Copperfield</subfield></datafield><datafield tag="675" ind1=" " ind2=" "><subfield code="a">821</subfield><subfield code="v">BN</subfield><subfield code="z">por</subfield></datafield><datafield tag="700" ind1=" " ind2="1"><subfield code="a">Dickens</subfield><subfield code="b">CharlesCharles John Huffam</subfield><subfield code="f">1812-1870</subfield></datafield><datafield tag="702" ind1=" " ind2="1"><subfield code="a">Domingues</subfield><subfield code="b">Mário</subfield><subfield code="f">1899-1977</subfield><subfield code="4">730</subfield></datafield><datafield tag="801" ind1=" " ind2="0"><subfield code="a">PT</subfield><subfield code="b">Biblioteca Municipal de Montalegre</subfield><subfield code="g">RPC</subfield></datafield><datafield tag="856" ind1=" " ind2=" "><subfield code="u">locateMedia.asp?cod=20060511095549&amp;ext=jpg</subfield><subfield code="z">CAPA</subfield></datafield><datafield tag="909" ind1="&#9;" ind2=" "><subfield code="a">3</subfield></datafield><datafield tag="966" ind1=" " ind2=" "><subfield code="a">0008090</subfield><subfield code="l">BMM</subfield><subfield code="s">SCG 821 DIC dav</subfield></datafield><datafield tag="966" ind1=" " ind2=" "><subfield code="a">0008092</subfield><subfield code="l">BMM</subfield><subfield code="s">SCG 821 DIC dav</subfield></datafield><datafield tag="966" ind1=" " ind2=" "><subfield code="a">0009142</subfield><subfield code="l">BMM</subfield><subfield code="s">SCG 821 DIC dav</subfield></datafield></record></collection>